<record><leader>00000cas a2200000 a 4500</leader><controlfield tag="001">22408216</controlfield><controlfield tag="008">900919c18899999coudr ne      0    0eng c</controlfield><datafield ind1=" " ind2=" " tag="010"><subfield code="a">sn 90051672 </subfield></datafield><datafield ind1=" " ind2=" " tag="040"><subfield code="a">CNQ</subfield><subfield code="b">eng</subfield><subfield code="c">CNQ</subfield><subfield code="d">CNK</subfield><subfield code="d">CVF</subfield><subfield code="d">DLC</subfield><subfield code="d">OCLCQ</subfield><subfield code="d">DLC</subfield><subfield code="d">OCLCQ</subfield><subfield code="d">OCLCF</subfield><subfield code="d">CUS</subfield></datafield><datafield ind1="1" ind2=" " tag="029"><subfield code="a">AU@</subfield><subfield code="b">000020653983</subfield></datafield><datafield ind1="1" ind2=" " tag="029"><subfield code="a">NZ1</subfield><subfield code="b">16076195</subfield></datafield><datafield ind1=" " ind2=" " tag="042"><subfield code="a">pcc</subfield></datafield><datafield ind1=" " ind2=" " tag="043"><subfield code="a">n-us-co</subfield></datafield><datafield ind1="0" ind2="0" tag="050"><subfield code="a">Newspaper</subfield></datafield><datafield ind1="1" ind2="4" tag="050"><subfield code="a">AN</subfield></datafield><datafield ind1="0" ind2=" " tag="130"><subfield code="a">Pueblo chieftain (Pueblo, Colo. : 1889)</subfield></datafield><datafield ind1="1" ind2="0" tag="245"><subfield code="a">Pueblo chieftain.</subfield></datafield><datafield ind1="1" ind2="7" tag="246"><subfield code="a">Pueblo daily chieftain</subfield></datafield><datafield ind1="1" ind2=" " tag="246"><subfield code="i">Published as:</subfield><subfield code="a">Pueblo chieftain and Sunday star-journal</subfield><subfield code="f">&lt;1934&gt;</subfield></datafield><datafield ind1="1" ind2=" " tag="246"><subfield code="i">Published on Sundays as:</subfield><subfield code="a">Pueblo star-journal and the Sunday chieftain</subfield><subfield code="f">&lt;1935&gt;-&lt;1950&gt;</subfield></datafield><datafield ind1="1" ind2=" " tag="246"><subfield code="i">Published on Sundays as:</subfield><subfield code="a">Sunday chieftain and star-journal</subfield><subfield code="f">&lt;Jan. 5, 1997-Jan. 30, 2000&gt;</subfield></datafield><datafield ind1=" " ind2=" " tag="260"><subfield code="a">Pueblo, Colo. :</subfield><subfield code="b">Chieftain Pub. Co.,</subfield><subfield code="c">1889-</subfield></datafield><datafield ind1=" " ind2=" " tag="300"><subfield code="a">v.</subfield></datafield><datafield ind1=" " ind2=" " tag="310"><subfield code="a">Daily</subfield></datafield><datafield ind1="0" ind2=" " tag="362"><subfield code="a">Sept. 8, 1889-</subfield></datafield><datafield ind1=" " ind2=" " tag="530"><subfield code="a">Available on microfilm from the Colorado Historical Society.</subfield></datafield><datafield ind1=" " ind2=" " tag="588"><subfield code="a">Latest issue consulted: Jan. 31, 2000.</subfield></datafield><datafield ind1=" " ind2="0" tag="651"><subfield code="a">Pueblo (Colo.)</subfield><subfield code="v">Newspapers.</subfield></datafield><datafield ind1=" " ind2="7" tag="651"><subfield code="a">Colorado</subfield><subfield code="z">Pueblo.</subfield><subfield code="2">fast</subfield><subfield code="0">(OCoLC)fst01206395</subfield></datafield><datafield ind1=" " ind2="7" tag="655"><subfield code="a">Newspapers.</subfield><subfield code="2">fast</subfield><subfield code="0">(OCoLC)fst01423814</subfield></datafield><datafield ind1=" " ind2=" " tag="752"><subfield code="a">United States</subfield><subfield code="b">Colorado</subfield><subfield code="c">Pueblo</subfield><subfield code="d">Pueblo.</subfield></datafield><datafield ind1="0" ind2="0" tag="780"><subfield code="t">Pueblo daily chieftain (Pueblo, Colo. : 1887)</subfield><subfield code="w">(DLC)sn 90051671</subfield></datafield><datafield ind1="0" ind2="5" tag="780"><subfield code="t">Pueblo star-journal</subfield><subfield code="w">(DLC)sn 82016459</subfield></datafield><datafield ind1="4" ind2="1" tag="856"><subfield code="3">05/05/1903 to 01/01/1920</subfield><subfield code="u">http://infoweb.newsbank.com/?db=EANX&amp;s_browseRef=decades/11C08FB4F4CAE7B8/all.xml</subfield></datafield></record>